@article{DBLP:journals/pvldb/LeisGMBK015,
  author    = {Viktor Leis and
               Andrey Gubichev and
               Atanas Mirchev and
               Peter A. Boncz and
               Alfons Kemper and
               Thomas Neumann},
  title     = {How Good Are Query Optimizers, Really?},
  journal   = {Proc. {VLDB} Endow.},
  volume    = {9},
  number    = {3},
  pages     = {204--215},
  year      = {2015}
}

@inproceedings{DBLP:conf/sigmod/CaiBS19,
  author    = {Walter Cai and
               Magdalena Balazinska and
               Dan Suciu},
  title     = {Pessimistic Cardinality Estimation: Tighter Upper Bounds for Intermediate
               Join Cardinalities},
  booktitle = {SIGMOD},
  pages     = {18--35},
  year      = {2019},
}

@inproceedings{hertzschuch-21-ues,
  author    = {Axel Hertzschuch and
               Claudio Hartmann and
               Dirk Habich and
               Wolfgang Lehner},
  title     = {Simplicity Done Right for Join Ordering},
  booktitle = {CIDR},
  year      = {2021}
}

@inproceedings{DBLP:conf/cidr/LeisRGK017,
  author    = {Viktor Leis and
               Bernhard Radke and
               Andrey Gubichev and
               Alfons Kemper and
               Thomas Neumann},
  title     = {Cardinality Estimation Done Right: Index-Based Join Sampling},
  booktitle = {CIDR},
  year      = {2017}
}

@inproceedings{DBLP:conf/cidr/MoerkotteH20,
  author    = {Guido Moerkotte and
               Axel Hertzschuch},
  title     = {alpha to omega: the G(r)eek Alphabet of Sampling},
  booktitle = {CIDR},
  year      = {2020}
}

@inproceedings{DBLP:conf/sigmod/ZhaoC0HY18,
  author    = {Zhuoyue Zhao and
               Robert Christensen and
               Feifei Li and
               Xiao Hu and
               Ke Yi},
  title     = {Random Sampling over Joins Revisited},
  booktitle = {SIGMOD},
  pages     = {1525--1539},
  year      = {2018}
}

@inproceedings{DBLP:conf/sigmod/ChenY17,
  author    = {Yu Chen and
               Ke Yi},
  title     = {Two-Level Sampling for Join Size Estimation},
  booktitle = {SIGMOD},
  pages     = {759--774},
  year      = {2017},
}

@inproceedings{DBLP:conf/cidr/KipfKRLBK19,
  author    = {Andreas Kipf and
               Thomas Kipf and
               Bernhard Radke and
               Viktor Leis and
               Peter A. Boncz and
               Alfons Kemper},
  title     = {Learned Cardinalities: Estimating Correlated Joins with Deep Learning},
  booktitle = {CIDR},
  year      = {2019}
}

@inproceedings{DBLP:conf/sigmod/WoltmannHTHL19,
  author    = {Lucas Woltmann and
               Claudio Hartmann and
               Maik Thiele and
               Dirk Habich and
               Wolfgang Lehner},
  title     = {Cardinality estimation with local deep learning models},
  booktitle = {aiDM@SIGMOD},
  pages     = {5:1--5:8},
  year      = {2019}
}

@inproceedings{DBLP:conf/btw/WoltmannHHL21,
  author    = {Lucas Woltmann and
               Claudio Hartmann and
               Dirk Habich and
               Wolfgang Lehner},
  title     = {Aggregate-based Training Phase for ML-based Cardinality Estimation},
  booktitle = {BTW},
  pages     = {135--154},
  year      = {2021}
}

@inproceedings{DBLP:conf/sigmod/WoltmannHHL20,
  author    = {Lucas Woltmann and
               Claudio Hartmann and
               Dirk Habich and
               Wolfgang Lehner},
  title     = {Best of both worlds: combining traditional and machine learning models
               for cardinality estimation},
  booktitle = {aiDM@SIGMOD 2020},
  pages     = {4:1--4:8},
  year      = {2020}
}

@article{DBLP:journals/pvldb/YangKLLDCS20,
  author    = {Zongheng Yang and
               Amog Kamsetty and
               Sifei Luan and
               Eric Liang and
               Yan Duan and
               Xi Chen and
               Ion Stoica},
  title     = {NeuroCard: One Cardinality Estimator for All Tables},
  journal   = {Proc. {VLDB} Endow.},
  volume    = {14},
  number    = {1},
  pages     = {61--73},
  year      = {2020}
}

@article{DBLP:journals/corr/abs-1808-03196,
  author    = {Sanjay Krishnan and
               Zongheng Yang and
               Ken Goldberg and
               Joseph M. Hellerstein and
               Ion Stoica},
  title     = {Learning to Optimize Join Queries With Deep Reinforcement Learning},
  journal   = {CoRR},
  volume    = {abs/1808.03196},
  year      = {2018},
  url       = {http://arxiv.org/abs/1808.03196}
}

@article{DBLP:journals/corr/abs-2111-00163,
  author    = {Asoke Datta and
               Yesdaulet Izenov and
               Brian Tsan and
               Florin Rusu},
  title     = {Simpli-Squared: {A} Very Simple Yet Unexpectedly Powerful Join Ordering
               Algorithm Without Cardinality Estimates},
  journal   = {CoRR},
  volume    = {abs/2111.00163},
  year      = {2021},
  url       = {https://arxiv.org/abs/2111.00163}
}

@article{DBLP:journals/corr/abs-2201-04166,
  author    = {Kyle Deeds and
               Dan Suciu and
               Magda Balazinska and
               Walter Cai},
  title     = {Degree Sequence Bound For Join Cardinality Estimation},
  journal   = {CoRR},
  volume    = {abs/2201.04166},
  year      = {2022},
  url       = {https://arxiv.org/abs/2201.04166}
}

@article{DBLP:journals/pvldb/HertzschuchHHL22,
  author    = {Axel Hertzschuch and
               Claudio Hartmann and
               Dirk Habich and
               Wolfgang Lehner},
  title     = {Turbo-Charging {SPJ} Query Plans with Learned Physical Join Operator
               Selections},
  journal   = {Proc. {VLDB} Endow.},
  volume    = {15},
  number    = {11},
  pages     = {2706--2718},
  year      = {2022}
}

@inproceedings{DBLP:conf/focs/AtseriasGM08,
  author    = {Albert Atserias and
               Martin Grohe and
               D{\'{a}}niel Marx},
  title     = {Size Bounds and Query Plans for Relational Joins},
  booktitle = {FOCS},
  pages     = {739--748},
  year      = {2008}
}

@inproceedings{DBLP:conf/soda/GroheM06,
  author    = {Martin Grohe and
               D{\'{a}}niel Marx},
  title     = {Constraint solving via fractional edge covers},
  booktitle = {SODA},
  pages     = {289--298},
  year      = {2006}
}

@article{DBLP:journals/jacm/GottlobLVV12,
  author    = {Georg Gottlob and
               Stephanie Tien Lee and
               Gregory Valiant and
               Paul Valiant},
  title     = {Size and Treewidth Bounds for Conjunctive Queries},
  journal   = {J. {ACM}},
  volume    = {59},
  number    = {3},
  pages     = {16:1--16:35},
  year      = {2012}
}

@inproceedings{DBLP:conf/pods/KhamisNS16,
  author    = {Mahmoud Abo Khamis and
               Hung Q. Ngo and
               Dan Suciu},
  title     = {Computing Join Queries with Functional Dependencies},
  booktitle = {PODS},
  pages     = {327--342},
  year      = {2016}
}

@inproceedings{DBLP:conf/pods/000118,
  author    = {Hung Q. Ngo},
  editor    = {Jan Van den Bussche and
               Marcelo Arenas},
  title     = {Worst-Case Optimal Join Algorithms: Techniques, Results, and Open
               Problems},
  booktitle = {PODS},
  pages     = {111--124},
  year      = {2018}
}

@inproceedings{DBLP:conf/pods/Chaudhuri98,
  author    = {Surajit Chaudhuri},
  editor    = {Alberto O. Mendelzon and
               Jan Paredaens},
  title     = {An Overview of Query Optimization in Relational Systems},
  booktitle = {PODS},
  pages     = {34--43},
  year      = {1998}
}

@inproceedings{DBLP:conf/icde/PerronSKS19,
  author    = {Matthew Perron and
               Zeyuan Shang and
               Tim Kraska and
               Michael Stonebraker},
  title     = {How {I} Learned to Stop Worrying and Love Re-optimization},
  booktitle = {ICDE},
  pages     = {1758--1761},
  year      = {2019}
}

@inproceedings{DBLP:conf/sigmod/IzenovDRS21,
  author    = {Yesdaulet Izenov and
               Asoke Datta and
               Florin Rusu and
               Jun Hyung Shin},
  title     = {{COMPASS:} Online Sketch-based Query Optimization for In-Memory Databases},
  booktitle = {SIGMOD},
  pages     = {804--816},
  year      = {2021}
}

@inproceedings{DBLP:conf/sigmod/KipfVMKRLB0K19,
  author    = {Andreas Kipf and
               Dimitri Vorona and
               Jonas M{\"{u}}ller and
               Thomas Kipf and
               Bernhard Radke and
               Viktor Leis and
               Peter A. Boncz and
               Thomas Neumann and
               Alfons Kemper},
  title     = {Estimating Cardinalities with Deep Sketches},
  booktitle = {SIGMOD},
  pages     = {1937--1940},
  year      = {2019}
}

@article{DBLP:journals/pvldb/HilprechtSKMKB20,
  author    = {Benjamin Hilprecht and
               Andreas Schmidt and
               Moritz Kulessa and
               Alejandro Molina and
               Kristian Kersting and
               Carsten Binnig},
  title     = {DeepDB: Learn from Data, not from Queries!},
  journal   = {Proc. {VLDB} Endow.},
  volume    = {13},
  number    = {7},
  pages     = {992--1005},
  year      = {2020}
}

@article{DBLP:journals/pvldb/NegiMKMTKA21,
  author    = {Parimarjan Negi and
               Ryan C. Marcus and
               Andreas Kipf and
               Hongzi Mao and
               Nesime Tatbul and
               Tim Kraska and
               Mohammad Alizadeh},
  title     = {Flow-Loss: Learning Cardinality Estimates That Matter},
  journal   = {Proc. {VLDB} Endow.},
  volume    = {14},
  number    = {11},
  pages     = {2019--2032},
  year      = {2021}
}

@inproceedings{DBLP:conf/sigmod/MarcusNMTAK21,
  author    = {Ryan Marcus and
               Parimarjan Negi and
               Hongzi Mao and
               Nesime Tatbul and
               Mohammad Alizadeh and
               Tim Kraska},
  title     = {Bao: Making Learned Query Optimization Practical},
  booktitle = {SIGMOD},
  pages     = {1275--1288},
  year      = {2021},
}

@article{DBLP:journals/pvldb/MarcusNMZAKPT19,
  author    = {Ryan C. Marcus and
               Parimarjan Negi and
               Hongzi Mao and
               Chi Zhang and
               Mohammad Alizadeh and
               Tim Kraska and
               Olga Papaemmanouil and
               Nesime Tatbul},
  title     = {Neo: {A} Learned Query Optimizer},
  journal   = {Proc. {VLDB} Endow.},
  volume    = {12},
  number    = {11},
  pages     = {1705--1718},
  year      = {2019}
}

@article{DBLP:journals/corr/Sanchez16a,
  author    = {Jimi Sanchez},
  title     = {A Review of Star Schema Benchmark},
  journal   = {CoRR},
  volume    = {abs/1606.00295},
  year      = {2016},
  url       = {http://arxiv.org/abs/1606.00295},
}

@InProceedings{Atserias2008,
  author    = {Albert Atserias and Martin Grohe and D{\'{a}}niel Marx},
  booktitle = {49th Annual {IEEE} Symposium on Foundations of Computer Science, {FOCS} 2008, October 25-28, 2008, Philadelphia, PA, {USA}},
  title     = {Size Bounds and Query Plans for Relational Joins},
  year      = {2008},
  pages     = {739--748},
  publisher = {{IEEE} Computer Society},
  bibsource = {dblp computer science bibliography, https://dblp.org},
  biburl    = {https://dblp.org/rec/conf/focs/AtseriasGM08.bib},
  doi       = {10.1109/FOCS.2008.43},
  file      = {:Atserias_SizeBounds.pdf:PDF},
  timestamp = {Wed, 16 Oct 2019 14:14:54 +0200},
  url       = {https://doi.org/10.1109/FOCS.2008.43},
}

@InProceedings{Perron2019,
  author    = {Matthew Perron and Zeyuan Shang and Tim Kraska and Michael Stonebraker},
  booktitle = {35th {IEEE} International Conference on Data Engineering, {ICDE} 2019, Macao, China, April 8-11, 2019},
  title     = {How {I} Learned to Stop Worrying and Love Re-optimization},
  year      = {2019},
  pages     = {1758--1761},
  publisher = {{IEEE}},
  bibsource = {dblp computer science bibliography, https://dblp.org},
  biburl    = {https://dblp.org/rec/conf/icde/PerronSKS19.bib},
  doi       = {10.1109/ICDE.2019.00191},
  file      = {:Perron_StopWorrying.pdf:PDF},
  timestamp = {Wed, 16 Oct 2019 14:14:56 +0200},
  url       = {https://doi.org/10.1109/ICDE.2019.00191},
}

 
@Book{gamma-2009-gof,
  author    = {Gamma, Erich AND Helm, Richard AND Johnson, Ralph AND Vlissides, John},
  publisher = {Addison-Wesley},
  title     = {Design patterns elements of reusable object-oriented software},
  year      = {2009},
  address   = {Boston, Mass.},
  edition   = {37. printing},
  isbn      = {0201633612},
  abstract  = {Literaturverz. S. 375 - 381 und Index S. 383 - 395},
  booktitle = {Addison-Wesley professional computing series},
  keywords  = {Computer software Reusability , Object-oriented programming (Computer science) , Software patterns , Softwarewiederverwendung , Objektorientierte Programmierung},
  url       = {http://slubdd.de/katalog?TN_libero_mab22186830},
}

@Comment{jabref-meta: databaseType:bibtex;}
